<?xml version="1.0" encoding="UTF-8"?><collection xmlns="http://www.loc.gov/MARC21/slim"><record><leader>00504nam--2200181-i-4500</leader><controlfield tag="001">000003447</controlfield><controlfield tag="002">20161230</controlfield><controlfield tag="005">20161230201025</controlfield><controlfield tag="008">060222s1000------------r-----000-0-eng-d</controlfield><datafield ind1=" " ind2=" " tag="040"><subfield code="a">IFIN-HH</subfield></datafield><datafield ind1=" " ind2=" " tag="080"><subfield code="a">537+538</subfield></datafield><datafield ind1="1" ind2=" " tag="100"><subfield code="a">Culver, Charles A</subfield></datafield><datafield ind1="1" ind2="0" tag="245"><subfield code="a">Theory and applications of electricity and magnetism</subfield><subfield code="c">Charles a. culver</subfield></datafield><datafield ind1=" " ind2=" " tag="250"><subfield code="a">First Edition</subfield></datafield><datafield ind1=" " ind2=" " tag="260"><subfield code="a">New York</subfield><subfield code="b">Mcgraw-hill Book Company, Inc</subfield><subfield code="c">1947</subfield></datafield><datafield ind1=" " ind2=" " tag="300"><subfield code="a">VII+594P</subfield></datafield><datafield ind1=" " ind2=" " tag="852"><subfield code="a">1580</subfield><subfield code="c">537:538</subfield></datafield><datafield ind1=" " ind2=" " tag="CAT"><subfield code="a">Sys</subfield><subfield code="c">20110607</subfield><subfield code="h">132537</subfield></datafield></record></collection>